@book{womak:lean-thinking,
    author  = {James P. Womack, Daniel T. Jones},
    title   = {Lean Thinking, Second Editon},
    publisher = {Simon \& Schuster, Inc.},
    year    = {2010}
}

@book{Rehman2019vlc,
  author    = {Rehman, S. U. and Ullah, S. and Chong, P. H. J. and Yongchareon, S. and Komosny, D.},
  title     = {Visible Light Communication: A System Perspective-Overview and Challenges},
  journal   = {Sensors (Basel)},
  year      = {2019},
  volume    = {19},
  number    = {5},
  pages     = {1153},
  month     = mar,
  doi       = {10.3390/s19051153},
  pmid      = {30866473},
  pmcid     = {PMC6427442},
  url       = {https://pmc.ncbi.nlm.nih.gov/articles/PMC6427442/}
}

@book{ieee802157,
  title = {{IEEE} Standard for Local and metropolitan area networks--Part 15.7: Short-Range Optical Wireless Communications},
  howpublished = {IEEE Std 802.15.7-2018},
  year = {2018},
  organization = {IEEE}
}

@book{phyauth2023,
  author = {Ang Li and Jiawei Li and Dianqi Han and Yan Zhang and Tao Li and Ting Zhu and Yanchao Zhang},
  title = {{PhyAuth}: {Physical-Layer} Message Authentication for {ZigBee} Networks},
  booktitle = {32nd USENIX Security Symposium (USENIX Security 23)},
  year = {2023},
  isbn = {978-1-939133-37-3},
  address = {Anaheim, CA},
  pages = {1--18},
  url = {https://www.usenix.org/conference/usenixsecurity23/presentation/li-ang},
  publisher = {USENIX Association},
  month = aug
}

@book{fonseca2023wons,
  author    = {D. F. Fonseca and M. S. Mir and B. G. Guzman and D. Giustiniano},
  title     = {Visible light or infrared? Modulating LiFi for dual operation in the visible and infrared spectra},
  booktitle = {Proceedings of the 18th Wireless On-Demand Network Systems and Services Conference (WONS)},
  year      = {2023},
  pages     = {47--50},
  address   = {Madonna di Campiglio, Italy},
  doi       = {10.23919/WONS57325.2023.10061923}
}

@book{fonseca2024comcom,
  author    = {D. F. Fonseca and M. S. Mir and S. I. de Frutos and B. G. Guzman and D. Giustiniano},
  title     = {Modulating LiFi for dual operation in the visible and infrared spectra},
  journal   = {Computer Communications},
  volume    = {216},
  pages     = {251--259},
  year      = {2024},
  issn      = {0140-3664},
  doi       = {10.1016/j.comcom.2024.01.005}
}

@article{genoves2023prototyping,
  author  = {Guzman, Borja Genovés and Mir, Muhammad Sarmad and Fonseca, Dayrene Frometa and Galisteo, Ander and Wang, Qing and Giustiniano, Domenico},
  title   = {Prototyping Visible Light Communication for the Internet of Things Using OpenVLC},
  journal = {IEEE Communications Magazine},
  volume  = {61},
  number  = {5},
  pages   = {122--128},
  year    = {2023},
  doi     = {10.1109/MCOM.001.2200642},
}


% ================================================================= %
@online{site:agile-manifesto,
    title   = {Manifesto Agile},
    url     = {http://agilemanifesto.org/iso/it/}
}

@online{site:wikipedia-vlc,
    title   = {Visible light communication - Wikipedia},
    url     = {https://en.wikipedia.org/wiki/Visible_light_communication}
}

@online{site:wikipedia-its,
    title   = {Intelligent transportation system - Wikipedia},
    url     = {https://it.wikipedia.org/wiki/Intelligent_transportation_system}
}

@online{site:wikipedia-iot,
    title   = {Internet of Things - Wikipedia},
    url     = {https://it.wikipedia.org/wiki/Internet_delle_cose}
}

@online{site:openvlc,
    title   = {OpenVLC},
    url     = {http://www.openvlc.org/}
}

@online{site:openvlc-github,
    title   = {OpenVLC - GitHub},
    url     = {https://github.com/openvlc/OpenVLC}
}

@online{site:openvlc-pa-github,
    title   = {OpenVLC-PA - GitHub},
    url     = {https://github.com/francesco-lapenna/OpenVLC-PA}
}

@online{site:wikipedia-ubicomp,
    title   = {Ubiquitous computing - Wikipedia},
    url     = {https://en.wikipedia.org/wiki/Ubiquitous_computing}
}

@online{site:wikipedia-ips,
    title   = {Indoor Positioning System - Wikipedia},
    url     = {https://en.wikipedia.org/wiki/Indoor_positioning_system}
}

@online{site:wikipedia-ieee,
    title   = {Institute of Electrical and Electronics Engineers - Wikipedia},
    url     = {https://en.wikipedia.org/wiki/Institute_of_Electrical_and_Electronics_Engineers}
}

@online{site:wikipedia-osi,
    title   = {OSI Model - Wikipedia},
    url     = {https://en.wikipedia.org/wiki/OSI_model#Layer_2:_Data_link_layer}
}

@online{site:beaglebone,
    title   = {BeagleBone},
    url     = {https://www.beaglebone.org/}
}

@online{site:wikipedia-otp,
    title   = {One Time Password - Wikipedia},
    url     = {https://en.wikipedia.org/wiki/One-time_password}
}

@online{site:wikipedia-ber,
    title   = {Bit Error Rate - Wikipedia},
    url     = {https://en.wikipedia.org/wiki/Bit_error_rate}
}

@online{site:wikipedia-ook,
    title   = {On-off Keying - Wikipedia},
    url     = {https://it.wikipedia.org/wiki/On-off_keying}
}

@online{site:wikipedia-manchester,
    title   = {Codifica Manchester - Wikipedia},
    url     = {https://it.wikipedia.org/wiki/Codifica_Manchester}
}

@online{site:wikipedia-psk,
    title   = {Pre-Shared Key - Wikipedia},
    url     = {https://en.wikipedia.org/wiki/Pre-shared_key}
}

@online{site:youtube-pn,
    title   = {Practical Networking - YouTube},
    url     = {https://www.youtube.com/@PracticalNetworking}
}

@online{site:wikipedia-p2p,
    title   = {Point-to-point - Wikipedia},
    url     = {https://en.wikipedia.org/wiki/Point-to-point_(telecommunications)}
}

@online{site:wikipedia-xor,
    title   = {XOR - Wikipedia},
    url     = {https://it.wikipedia.org/wiki/Disgiunzione_esclusiva}
}

@online{site:wikipedia-hmac,
    title   = {HMAC - Wikipedia},
    url     = {https://it.wikipedia.org/wiki/HMAC}
}

@online{site:wikipedia-mitm,
    title   = {Man in the Middle - Wikipedia},
    url     = {https://it.wikipedia.org/wiki/Attacco_man_in_the_middle}
}


% ================================================================= %
@book{Haas2018LiFi,
  author    = {Haas, Harald},
  title     = {Li-Fi: Visible Light Communication, 2nd Edition},
  publisher = {Cambridge University Press},
  year      = {2018},
  address   = {Cambridge, UK},
  isbn      = {978-1-108-44108-5}
}

@book{Ghassemlooy2017Visible,
  author    = {Ghassemlooy, Zabih and Le Minh, Hoang and Karunatilaka, Dushantha and Rajbhandari, Sajjan and O’Brien, Dermot},
  title     = {Visible Light Communications: Theory and Applications},
  publisher = {CRC Press},
  year      = {2017},
  address   = {Boca Raton, FL},
  isbn      = {978-1-4987-2906-0}
}

@book{Komine2004Fundamental,
  author    = {Komine, Takashi and Nakagawa, Masao},
  title     = {Fundamental Analysis for Visible-Light Communication System using LED Lights},
  booktitle = {IEEE International Conference on Communications, 2004. ICC ’04},
  year      = {2004},
  pages     = {457–461},
  doi       = {10.1109/ICC.2004.1313179}
}

@book{Hranilovic2007Wireless,
  author    = {Hranilovic, Steve},
  title     = {Wireless Optical Communication Systems},
  journal   = {Springer},
  year      = {2007},
  volume    = {28},
  series    = {Telecommunication Networks and Series},
  isbn      = {978-0-387-34571-7}
}

@book{Tsonev2013A,
  author    = {Tsonev, Dobroslav and Chun, Harold and Haas, Harald},
  title     = {A 3-{Gbps} Single-LED OFDM-Based Wireless Visible Light Communication Link},
  journal   = {IEEE Photonics Technology Letters},
  year      = {2013},
  volume    = {25},
  number    = {2},
  pages     = {171–174},
  doi       = {10.1109/LPT.2012.2235128}
}

@book{Rajagopal2012IEEE,
  author    = {Rajagopal, Srinivasan and Roberts, Kirk and Lim, Shree K.},
  title     = {IEEE 802.15.7 Visible Light Communication: Modulation Schemes and Dimming Support},
  booktitle = {IEEE Globecom Workshops},
  year      = {2012},
  pages     = {1685–1690},
  doi       = {10.1109/GLOCOMW.2012.6477809}
}

@book{Kahn1997Wireless,
  author    = {Kahn, Joseph M. and Barry, John R.},
  title     = {Wireless Infrared Communications},
  journal   = {Proceedings of the IEEE},
  year      = {1997},
  volume    = {85},
  number    = {2},
  pages     = {265–298},
  doi       = {10.1109/5.554262}
}

@book{Dimitrov2015Principles,
  author    = {Dimitrov, Serge and Haas, Harald},
  title     = {Principles of LED Light Communications: Towards Networked Li-Fi},
  publisher = {Cambridge University Press},
  year      = {2015},
  address   = {Cambridge, UK},
  isbn      = {978-1-107-11331-6}
}

@book{Armstrong2013OFDM,
  author    = {Armstrong, John and Lowery, Arthur J.},
  title     = {Power Efficient Optical OFDM},
  journal   = {Electronics Letters},
  year      = {2006},
  volume    = {42},
  number    = {6},
  pages     = {370–372},
  doi       = {10.1049/el:20060075}
}

@book{Zhang2019Recent,
  author    = {Zhang, Rui and Sun, Lei and Fu, Shina},
  title     = {Recent Advances in Visible Light Communication and Its Applications},
  booktitle = {Optical Wireless Communications: System and Channel Modelling with MATLAB®},
  editor    = {Haas, Harald and Bulow, Hakan and Cossu, Giulio},
  publisher = {Wiley},
  year      = {2019},
  pages     = {201–228},
  isbn      = {978-1-118-80091-8}
}

@book{Wu2015HighSpeed,
  author    = {Wu, Xuan and Liu, Ting and O’Brien, Dermot and Zhang, Yue and Yuan, Shanshan},
  title     = {High-Speed Visible Light Communications Based on Off-the-Shelf LEDs},
  journal   = {IEEE Photonics Journal},
  year      = {2015},
  volume    = {7},
  number    = {6},
  pages     = {1–14},
  doi       = {10.1109/JPHOT.2015.2483043}
}

@book{Chow2016Survey,
  author    = {Chow, Cheng Cong and Chan, Chun Qing and Murch, Robin D.},
  title     = {Survey of Visible Light Communication Systems},
  booktitle = {2016 International Conference on Wireless Networks and Mobile Communications (WINCOM)},
  year      = {2016},
  pages     = {1–6},
  doi       = {10.1109/WINCOM.2016.7777839}
}

@book{Cao2019Handbook,
  author    = {Cao, Robert and Zhang, Jenny J.},
  title     = {Handbook of Visible Light Communication: Ten Years of Research},
  publisher = {Springer},
  year      = {2019},
  address   = {Cham, Switzerland},
  isbn      = {978-3-030-05022-2}
}

@book{Khalid2017Hybrid,
  author    = {Khalid, Adeel and O’Brien, Dermot and Dubbeldam, Jan L.A.},
  title     = {A Hybrid RF/Optical Wireless System for Vehicular Networks},
  journal   = {IEEE Wireless Communications},
  year      = {2017},
  volume    = {24},
  number    = {5},
  pages     = {100–106},
  doi       = {10.1109/MWC.2017.1600217WC}
}

@book{Liu2020Underwater,
  author    = {Liu, Cheng and Shi, Peng and Aman, Michael and Haas, Harald},
  title     = {Underwater Visible Light Communication Using Blue LEDs},
  journal   = {IEEE Photonics Technology Letters},
  year      = {2020},
  volume    = {32},
  number    = {10},
  pages     = {605–608},
  doi       = {10.1109/LPT.2020.2982123}
}

@book{Tsonev2015Towards,
  author    = {Tsonev, Dobroslav and Videv, Stefan and Haas, Harald},
  title     = {Towards a 100 Gb/s Visible Light Wireless Access Network},
  booktitle = {Optical Fiber Communication Conference},
  year      = {2015},
  pages     = {Th1I.2},
  organization = {Optical Society of America}
}

@book{Demirors2018Smart,
  author    = {Demirors, Erol and Ghinea, Gheorghe and Walker, David},
  title     = {Smart Lighting for Smart Cities: Networked Illumination Systems and Services},
  journal   = {IEEE Communications Magazine},
  year      = {2018},
  volume    = {56},
  number    = {9},
  pages     = {64–71},
  doi       = {10.1109/MCOM.2018.1700710}
}
